@techreport{Cas63,
  author = {de Casteljau, Paul},
  title = {Courbes et surfaces {\`a} p{\^o}les},
  year = {1963},
  institution = {A. Citro{\"e}n},
  address = {Paris},
}

@article{Bez67,
  author = {B{\'e}zier, Pierre},
  title = {D{\'e}finition num{\'e}rique des courbes et surfaces II},
  year = {1967},
  journal = {Automatisme},
  volume = {12},
}

@article{Boo62,
  author = {de Boor, Carl},
  title = {Bicubic Spline Interpolation},
  year = {1962},
  journal = {Journal of Mathematical Physics},
  volume = {41},
  number = {3},
}

@article{GR74,
  author = {Gordon, William J. and Riesenfeld, Richard F.},
  title = {B-Spline Curves and Surfaces},
  year = {1974},
  journal = {Computer Aided Geometric Design},
  volume = {167},
  publisher = {Academic Press New York},
}

@phdthesis{Ver75,
  author = {Versprille, Kenneth James},
  title = {Computer-Aided Design Applications of the Rational B-Spline Approximation Form},
  year = {1975},
  publisher = {Syracuse University},
  address = {Syracuse University},
}

@article{SZB+03,
  author = {Sederberg, Thomas W. and Zheng, Jianmin and Bakenov, Almaz and Nasri, Ahmad},
  title = {T-Splines and T-NURCCs},
  year = {2003},
  journal = {ACM Transactions on Graphics},
  volume = {22},
  number = {3},
  publisher = {ACM},
}
